@online{site:agile-manifesto,
    title   = {Manifesto Agile},
    url     = {http://agilemanifesto.org/iso/it/}
}

@online{site-what-is-java,
    title   = {What is Java},
    url     = {https://java.com/en/download/help/whatis_java.html}
}

@online{site-spring,
    title   = {Spring Framework},
    url     = {https://it.wikipedia.org/wiki/Spring_Framework}
}

@online{site-typescript,
    title   = {TypeScript},
    url     = {https://en.wikipedia.org/wiki/TypeScript}
}

@online{site-Angular,
    title   = {Cos'è Angular?},
    url     = {https://psicografici.com/angular-js/#:~:text=Angular%20%C3%A8%20un%20framework%20JavaScript}
}

@online{site-node,
    title   = {Node.js},
    url     = {https://whatis.techtarget.com/definition/Nodejs#:~:text=James%20Denman-,Node.,feeds%20and%20web%20push%20notifications}
}

@online{site-microservizi,
    title   = {Microservizi in Java},
    url     = {https://codingjam.it/microservizi-in-java-con-spring-boot-e-spring-cloud/}
}

@online{site-api-gateway,
    title   = {Pattern: API Gateway},
    url     = {https://microservices.io/patterns/apigateway.html}
}

@online{site-angular-concepts,
    title   = {Introduction to Angular concepts},
    url     = {https://angular.io/guide/architecture}
}

@online{site-microservizi-aws,
    title   = {Cosa sono i microservizi?},
    url     = {https://aws.amazon.com/it/microservices/}
}

@online{site-spring-boot-microservizi,
    title   = {Spring Boot Microservices — Developing Service Discovery},
    url     = {https://aws.amazon.com/it/microservices/}
}

@online{site-service-registry,
    title   = {Pattern: Service registry},
    url     = {https://microservices.io/patterns/service-registry.html}
}

@online{site-dependency-injection-spring,
    title   = {La Dependency Injection in Spring},
    url     = {https://davioooh.com/blog/2017/08/19/spring-dependency-injection}
}

@online{site-dependency-injection-angular,
    title   = {Dependency injection in Angular},
    url     = {https://angular.io/guide/dependency-injection}
}

@online{site-singleton,
    title   = {Singleton},
    url     = {https://refactoring.guru/design-patterns/singleton}
}

@online{site-feature-modules,
    title   = {Feature modules},
    url     = {https://angular.io/guide/feature-modules}
}
@online{site-lazy-loading,
    title   = {Lazy-loading feature modules},
    url     = {https://angular.io/guide/lazy-loading-ngmodules}
}

@online{site-observable,
    title   = {Using observables to pass values},
    url     = {https://angular.io/guide/observables}
}